2205 3103
230 157 36 70 8

241 156 1636 114 contre la Marion [cep] c'est pourquoi

253 248 1302 107 [que] nous ne la primes pas.

255 306 1660 159 Mon Pere et ma M. allerent a Re¬

251 434 1721 140 ¬convillier ou ils resterent quelques

256 532 1700 166 jours, je crois que cetoit le 1. novem¬

249 661 1673 163 ¬bre du moins il neg[e]oit bien fort ⎯

239 790 1744 146 alors nous reprimes sa Marion qui

236 898 1281 200 [s]y fut quasi tout l'Hiver.

230 1031 1739 186 La veille de la foire du Rouvet ⎯

284 1181 1685 124 an nous eumes la Peillaye come ⎯

284 1280 1669 119 on dit, Mon on[c]le le maire JPierre

274 1372 1672 138 le frere de la m[ai]rie Magd: Pierre

265 1477 1705 125 le Borlier de Reconvillier [si] ⎯

267 1585 1651 106 [etoit] etoient ici [la] Marion, etoit encore

272 1680 1691 112 chez nous, je ne sais pas quand

269 1773 1723 141 elle s'en est en allez je crois pou¬

232 1882 1660 158 ¬tant que cetoit avant la fin du

270 1972 1674 186 mois de Jeanvier, j'en raporterai⎯

284 2086 1719 226 des raison c'y apres. NB je ne scais

286 2208 1695 184 pas non plus quandelle s'en est

293 2344 1694 134 enallez [la] l'Hiver entre 1733 et

293 2461 1653 153 34, mais elle etoit encore ici pendᵗ. que nous avions ns

1174 2526 756 72 fileuses dela dite añée 1733

1211 2575 227 85 et 34.

794 2522 468 193 1735.

320 2650 1584 178 Noue eumes pour fileuses pen¬

325 2801 1560 127 dant Le [Mois] mois de [fevrier]
