2283 3194
232 173 1754 149 cetoit quand Mr Chemilleret etoit

1907 183 49 54 15

230 306 1758 100 chez nous, cetoit euviron le lamava

220 390 1706 152 le 16 Mars se firent les Nopces

213 518 1757 140 de J Jagues chez Danion,ns avions

239 633 1778 176 encore lafileuse et la Marguerite

216 766 1756 166 je n'en ‸ pas pourtant bien sur que la 1

543 750 197 82 n suis

266 867 1732 136 si fut encore, nous fumes moy &c chez

207 974 1726 149 Conrad ou se faisoient les nôces; le soir

195 1082 1793 206 La Marguerite sen alla envoye peu

218 1227 1733 130 apres ces nôces, la Suson etoit deja

229 1331 1720 161 envoye. le 26ⁱᵉᵐᵉ de Mars :/ du

209 1453 1788 149 moin je le crois:/ il se fit une ecelipse

217 1546 1774 143 de lune fort grande, que je vis [cetoit un]

216 1662 1756 174 la Marion Criblez vint chez nous

244 1792 583 103 le lendemain.

227 1882 1718 144 Pendant qu'elle etoit ici, nous chez ns

223 1996 1722 156 un Plaidoyer où Mʳ [.] Chamilleret

219 2089 510 194 fut juge ;

213 2230 1694 192 Mʳ le secretaire Jacob fut [chez]

216 2360 1770 166 chez ns je ne scais si cetoit [d] avant

213 2484 1684 215 ou apres le playdoyer, [ce] je crois

207 2596 1740 258 pourtant que cetoit  avant, /: je n'en

195 2717 557 211 sçais rien :/

289 2881 1493 149 un peu avant l'Ascension
