2320 3114
242 140 1671 140 justement pendant la Classe que mon

205 236 1739 106 Pere etoit envoyé et qu'il falut que

250 322 1720 113 le maître d'Ecole fit le remerciement

237 404 1653 182 dans le tems que le dit Jacob étoit

257 486 1671 145 malade il luy naquit un fils voy 🞱

264 586 1685 156 sur la fin du mois de Juin Jacod Bes¬

221 693 1688 142 ¬sir ‸ &c. passirent avec des

703 692 246 96 l'ancien

259 778 1692 151 chares par dessus notre Verger de

245 887 1715 186 cure il y eut bien des difficilles

249 989 1532 133 la dessus, il furent condamnes

259 1035 1631 184 voyez des papiers particuliere de

257 1147 423 140 mon Pere

252 1183 1715 239 Le6ⁱᵉᵐᵉ du mois de Juillet JeanPierre

247 1345 1714 242 Bessir se noya a la Rochenette, on le

250 1480 1713 161 retrouva dans l'eau, et on l'enterra

249 1569 1718 213 le 11ⁱᵉᵐᵉ du même moys. jour de Dimã¬

211 1745 287 97 ¬che.

195 1788 1777 151 ds. Cette année les champs de la Cure

226 1909 1696 141 etoient semez en bleds, nous eumes

225 1992 1659 185 beaucoup de moissoneurs, au tems

224 2141 646 108 des moissons.

1707 2165 187 113 été

233 2183 1638 215 il me semble que pendant cet[te] [an]

226 2337 1726 199 ns eumes une petite fille quifai¬⎯

216 2452 806 130 ¬soit des dentelles.

209 2550 1711 155 La Marie Magd: fut aux vendãges

233 2664 1714 140 chez Mʳ Blöche a Bieñe, pendant

242 2759 1664 112 qu'elle etoit envoye nous eumes la Cathe¬

245 2837 1675 109 ¬ne chez Christophe nous etions sa
