2197 3115
272 148 1663 171 Chevres, pendant que mon Pere et

316 263 1626 136 ma M: [etoit] etoient re[s]sté a tra¬

325 361 1610 142 ¬melan. il me semble que ns avions le Me¬

332 498 1657 122 je me souvien quand nous ache¬※

815 412 1140 133 ¬nusier de Vauffelin car ns coucheions [...]

1020 472 943 86 ⁊ la marie Magd: dans le cabinet

328 586 1583 170 ¬tames la serrure de l'Armoir de

337 676 1621 149 la cuisine cetoit au mois de ꝯbre

337 775 1663 166 Pendant l'Hiver entre 1732 et 33.

351 884 1618 149 la contagion regnoit a Pery et

377 967 1546 157 outre cela une autre espece de

379 1081 1267 135 Contagion parmi les gens.

406 1157 1484 198 le jour des Benisons 1732. on

381 1261 1299 179 nous apporta nôtre Blos.

373 1330 1605 196 ※. et il mesemble que cetoit lui qui couchoit ds.

1334 1417 470 111 le Petit poile.

767 1463 361 151 1733

353 1523 1126 174 dans le mois de Fevrier

1095 1580 844 112 X cetoit, Pierre Memarguiser

1649 1508 329 137 fit la ba¬

371 1635 1613 174 ¬re de la Cour X voy: le livre de remarque

1243 1710 213 79 Sans

353 1714 1610 167 de mon Pere, que dorenavent je marque

360 1780 1613 179 ¬rai avec ce signe ⦻ le Batistair✱

360 1892 1613 145 le Porte du Consistoire, O. les añonces

381 1980 1151 127 A [&c]. les sermons  ⃞  .

405 2002 1482 192 le 14. Avril je fut a Berne

618 2079 1360 137 nous repasames par Bieñe en revenant

379 2138 1542 159 les [N]oces de mon Onc[e]le furent au

363 2203 1621 213 mois de m ay. Voy: ⦻ /: mon On : de ⎯

354 2367 565 173 Tavañe :/.

324 2455 1623 179 Nous eumes les Charpentier /: Abra¬

1287 2588 81 38 la

306 2581 1646 158 Lovis et le frere de[.]Marie Magdele¬

313 2677 1645 152 ¬ne qui firent le plancher du la b.

329 2769 1494 161 ¬net [au mois de Juillet]. voy: ⦻.
