2223 3195
159 163 1795 108 les charpenters abram Lovis et le frer

158 241 1747 128 de la Marie Magr: etoit aussi arrivé

168 340 1692 191 ici pourfaire le fenetrage [du] du

160 443 690 181 grand poile.

180 573 1694 161 Jacob Witz fut chez nous pendant

174 701 1772 115 plusieurs jours nous ‸ avec lui a la Hutte

999 681 491 85 X allames

166 795 1797 188 cetoit un Dimanche le soir du mesme

178 881 1778 144 jour Mon Oncle le Grefier &C sou¬

193 997 1689 128 ¬perent chez nous il s'en allerent

179 1098 1717 158 a Boujen le lendemain Witz partit

177 1198 1689 115 avec eux /: La suson chez l'oncle

174 1292 1704 131 Abramelet etoit chez nous, maisles¬

146 1400 1501 146 ¬Charpentiers n'y etoient plus:/

184 1544 1657 133 Nous eumes le vitrier qui fit les

203 1647 1670 210 fenetres du grand poile: NB. je

195 1784 1764 238 ne scai pas bien quand ceci est arri¬

1468 1885 251 82 bien

184 1898 1738 171 ¬vez cepandant pour ‸ des raisons

169 2054 1384 159 je crois l'avoir bien placé

175 2135 1786 152 Mon Pere et mam: mais non [pas]

182 2277 1170 173 moy furent a Berne.

142 2426 1732 235 J'étoit fort fâchez à la Pellaye

213 2605 1748 126 parce que les batteurs navoitn

195 2713 994 121 pas encore ‸ achevé

706 2697 210 74 X tout

177 2808 1770 113 pendant que ne avions les batteurs ns

167 2888 1733 120 eumes un Proseli[te]s nom̃é George il

159 2955 1384 160 s'en alla je ne lai plus jamais revus

1860 167 35 46 13
