2191 3105
257 153 51 59 14

619 146 583 193 1736.

253 267 1674 195 Le soir du nouvel an Mon Pere

293 446 1650 118 et Ma Mere, farent souper chez

266 551 1695 126 Monsieur le Mayre. Abramelet

263 648 1691 137 chez Etieñe etoit aupres de moy pour

263 765 1667 188 me passer le tems pendant ce soir

270 880 1669 170 pen[dan]dant le Mois de Janvier

269 1027 1670 147 nous eumes la Suson chez Motche¬

227 1171 1713 156 ¬ran, pendant quelle étoit ici nous-

276 1262 1680 177 avions la Margerite chez Greusillon

274 1366 1661 185 et les Tailleurs Jacob de Plagne &c.

246 1485 1709 178 Pendant que la filleuse et la Mar¬

239 1640 1550 223 ¬guerite étoit ici Mʳ Le Baillif

263 1771 1624 143 Chemilleret [ete] fut chez nous.

228 1907 1650 196 je ne scais pas bien[s] laquelle de ces

258 2041 1674 191 ⁊. la Suson ou la Marg: alla la 1.

236 2201 1654 122 envoye, cepandant il y a beauoup

238 2303 1694 200 d'apparence que ce fut la suson

246 2462 1691 151 pendant qu'elles etoient encore tous

231 2586 1742 175 ⁊. ici il y peut un Certain garci de qui

973 2556 96 67 ici

208 2685 1774 138 la feme accoucha a la Rochenette

742 2670 149 57 [...]

217 2783 1681 159 qui fit beacoup de bruits, justement
